2345 3765
688 122 1008 187 PARTES
1056 121 1411 192 Piscium,
1917 149 1989 211 ῃ

119 320 125 324 ·
179 307 245 344 oc.
296 274 640 340 Secundum
665 275 981 352 facultatem
1020 278 1213 339 monis.
1251 294 1253 296 ’

90 371 176 423 10.
219 361 550 423 immobilis
583 355 668 419 est
704 359 766 421 ὅτ
799 359 1090 421 inferiore
1117 375 1280 445 parte
1320 365 1418 422 ori
1443 359 1783 442 adhaerens,
1828 370 1982 429 utin

219 445 538 528 Cyprinis,
586 442 866 526 Clupeis,
914 442 1220 524 Osmeris,
1264 444 1681 526 Salmonibus,
1758 450 1979 529 PerciS,

219 530 281 592 &
315 534 573 588 maxima
609 525 854 610 piscium
891 543 1072 611 parte.

89 618 190 675 20.
234 613 437 674 Soluta
470 607 587 690 est,
641 626 707 674 ut
742 617 806 673 in
842 611 1125 692 Balaenis,
1166 610 1285 676 &a

860 810 1217 872 USUS.

258 941 334 1001 51.
374 920 536 985 Usus
579 921 797 1005 linguae
842 927 906 984 in
944 921 1198 1005 piscibus
1242 928 1499 987 cetaeeis
1532 923 1691 986 idem
1725 922 1841 1005 est,
1907 946 1976 990 ac

88 1009 157 1068 in
199 1005 548 1069 animalibus
603 1007 1099 1089 quadrupedibus.
1186 1010 1255 1069 In
1301 1010 1540 1090 reliquis
1586 1007 1841 1092 piscibus
1873 1031 1977 1074 au-

87 1105 244 1168 tem,
293 1112 409 1153 nec
446 1091 648 1172 lingua
684 1091 756 1153 ad
779 1090 1134 1153 flestendam
1157 1113 1408 1173 vocem,
1453 1115 1570 1155 nec
1592 1093 1667 1156 ad
1702 1095 1979 1157 volutan-

89 1174 232 1237 dum
274 1180 338 1236 in
373 1196 484 1237 ore
539 1176 740 1237 cibum
786 1177 1110 1252 conducit,
1175 1193 1467 1257 quatenus
1508 1179 1835 1240 immobilis
1870 1177 1974 1256 est,

86 1279 204 1321 nec
240 1266 573 1340 genuinum
610 1259 811 1342 gustus
844 1281 1140 1342 organum
1176 1259 1455 1340 praestat,
1526 1282 1664 1322 cum
1701 1269 1765 1323 in
1804 1263 1976 1345 pluri=

85 1349 202 1406 mis
248 1346 625 1424 cartilaginea
673 1341 775 1423 sit,
829 1350 895 1404 in
931 1364 1046 1424 qua
1091 1342 1289 1406 nullus
1322 1343 1546 1426 saporis
1579 1344 1774 1406 sensus
1808 1345 1976 1406 vide-

84 1440 185 1490 tur
222 1425 386 1510 poffe
419 1434 700 1502 excitari;
746 1427 905 1488 unde
929 1433 1129 1510 potius
1157 1448 1336 1489 verus
1370 1430 1590 1509 linguae
1616 1427 1751 1492 usus
1774 1434 1840 1490 in
1860 1430 1978 1507 hu-

82 1511 350 1593 jusmodi
387 1511 639 1594 piscibus
675 1509 757 1572 est
793 1511 864 1573 ad
899 1513 1103 1574 cibum
1138 1511 1620 1594 deglutiendum,
1686 1527 1979 1596 quatenus
2016 1539 2251 1602 paga.

86 1595 260 1658 locus
306 1597 524 1679 linguae
568 1598 784 1659 elatior
819 1593 902 1658 est
944 1598 1006 1659 &
1042 1603 1231 1678 magis
1268 1598 1537 1660 elevatus
1570 1618 1745 1679 quam
1782 1613 1978 1680 partes

84 1680 375 1744 laterales.

254 1765 412 1828 Usus
451 1764 669 1846 linguae
710 1777 910 1826 autem
949 1768 1014 1825 in
1051 1763 1336 1847 piscibus,
1391 1769 1493 1846 qui
1529 1764 1795 1848 linguam
1832 1765 1978 1829 den-

84 1864 265 1915 tatam
306 1850 561 1924 habent,
606 1868 785 1909 verus
823 1846 937 1927 est,
985 1848 1057 1909 ad
1096 1850 1350 1932 praedam
1377 1847 1475 1910 seu
1497 1847 1687 1912 escam
1711 1855 1976 1912 retinen-

87 1935 220 1997 dam
257 1936 316 1996 &
349 1930 429 1994 sic
466 1938 643 1994 etiam
679 1931 1157 2012 deglutiendam,
1216 1934 1506 1996 denticuli
1549 1940 1713 1996 enim
1747 1932 1977 2018 semper

81 2017 409 2081 introrsum
449 2030 865 2079 recurvantur.
951 2014 1198 2080 Poss'unt
1241 2033 1445 2081 tamen
1503 2017 1719 2099 linguae
1757 2018 1974 2099 glabrae

85 2101 330 2188 piscium
372 2100 742 2185 spinosorum
789 2101 851 2161 &
887 2101 1450 2181 cartilagineorum,
1530 2102 1789 2165 obscuro
1825 2123 1973 2184 quo-

86 2187 221 2250 dam
258 2184 456 2268 gustus
490 2185 653 2247 sensu
703 2183 957 2268 praeditae
999 2182 1148 2264 effe,
1215 2202 1281 2249 ut
1317 2186 1514 2249 verbis
1558 2201 1690 2249 utar
1737 2183 1973 2249 clai-iffi·

83 2277 171 2334 mi
206 2272 336 2351 Raji
372 2271 528 2335 libro
563 2276 761 2357 primo
797 2267 870 2331 ad
907 2268 1394 2357 Ichthyologiam
1428 2269 1776 2336 nobiliffimi
1812 2269 1974 2333 Wil-

82 2356 369 2439 lugl‘ibeji.

627 2523 684 2581 B
709 2523 1254 2585 RANCHIAE
1312 2526 1435 2608 (b).

260 2657 354 2713 52.
397 2635 690 2694 Brauzclzicze
708 2638 833 2707 simt
873 2659 1081 2718 organa
1106 2641 1349 2717 pifiimn,
1403 2642 1589 2718 quibus
1622 2659 1811 2718 aquam
1858 2640 1982 2718 ab're

85 2728 506 2804 impraegnatam
541 2722 794 2780 hauriunt
831 2722 909 2783 Εἴ
936 2725 1191 2797 reddunt,
1233 2726 1368 2783 unde
1386 2726 1717 2801 pulmonibus
1741 2723 1974 2862 qzmoclz'ru-

1768 2826 1831 2882 [κ
1867 2825 1976 2869 uin,

760 3040 1311 3115 ADmTAMENTuM.

260 3136 366 3215 (b)
409 3141 783 3200 Branchiarum
811 3141 971 3221 longa
998 3137 1275 3224 descriptio
1312 3144 1556 3203 Audieris
1578 3134 1892 3224 quibusdam
1917 3140 1972 3192 iu

87 3223 217 3284 loeis
244 3221 480 3282 difficiles
513 3224 798 3303 explicatus
824 3226 996 3289 habet.

149 3329 323 3378 Artedi
340 3325 634 3390 Philosophia.
1165 3312 1209 3370 F
1769 3306 1986 3363 Ram-N
