2345 3765
372 189 787 260 SECULUM
806 182 1246 258 “DECIMUM
1288 191 1751 263 SEPTIMUM.
1884 257 1889 262 .
1935 208 2012 279 ¹77

244 371 301 431 9.
343 351 480 414 Paul
505 368 622 411 van
650 347 895 425 somer,
945 351 1115 428 cujus
1138 367 1369 411 nomen
1393 353 1455 411 in
1479 346 1856 433 frontispicio
1880 350 2010 433 stat,

115 435 339 519 aliquas
373 434 533 495 forte
567 427 831 515 sculpsit,
879 429 977 496 sed
1010 433 1124 496 illae
1151 454 1284 495 non
1311 440 1553 517 optimae
1579 432 1732 500 sunt.

1154 559 1208 620 K
1249 578 1284 638 3
1743 579 1832 623 10.
1862 559 2010 622 Sunt

778 845 1337 899 Anum-AMENTUM.

115 959 363 1032 1685.in
389 952 482 1019 fol,
515 976 568 1018 2.
593 953 720 1016 Vol.
767 951 908 1013 Vide
934 954 1144 1012 Halleri
1172 952 1341 1017 Mem.
1371 956 1506 1030 306.
1533 971 1673 1031 332.
1704 972 1841 1033 357.
1875 970 2010 1033 532„

106 1043 393 1119 Precipuus
436 1040 622 1098 auctor
668 1036 741 1096 est
774 1040 1107 1109 Zootomiae,
1170 1041 1349 1097 avium
1382 1031 1713 1118 pisciumque
1747 1040 2010 1118 imprimis

105 1118 449 1184 dissectorum
477 1126 737 1204 imagines
762 1121 919 1182 dedit.

279 1206 433 1289 Aug.
464 1208 683 1284 Quirini
707 1210 894 1266 Rivini
918 1201 1228 1265 Observatio
1252 1206 1551 1263 anatomica
1591 1207 1723 1263 circa
1762 1224 1924 1285 poros
1955 1207 2011 1263 in

106 1289 331 1375 piscium
359 1309 477 1354 cute
499 1290 784 1352 notandos.
874 1295 1030 1351 Extat
1051 1294 1107 1346 in
1142 1288 1299 1348 Affis
1334 1291 1556 1351 Erudit.
1600 1293 1684 1360 A„
1711 1295 1891 1367 1687.

284 1376 494 1457 Cyanea
540 1375 673 1434 oder
715 1375 799 1434 die
832 1398 919 1433 am
967 1370 1247 1453 Bosphoro
1291 1377 1535 1432 Thracio
1573 1371 1821 1454 liegende
1863 1373 2009 1431 hohe

105 1460 328 1540 Klippe,
373 1483 482 1518 von
528 1459 776 1517 Welchen
813 1482 878 1517 zu
914 1456 1074 1517 sehcn
1109 1453 1237 1534 seyn
1272 1456 1360 1517 das
1395 1458 1668 1517 Vormeer
1703 1460 2010 1538 Propontis,

103 1543 195 1602 das
229 1541 502 1604 schwarze
532 1546 717 1613 Meer,
778 1545 977 1602 Pontus
1019 1545 1589 1621 Euxinus,-Cype1·n‚
1632 1541 1877 1600 Candien
1910 1546 2009 1599 &a

104 1626 364 1688 darinnen
398 1626 720 1688 befindliche
755 1629 994 1694 Thiere,
1072 1627 1291 1710 Vogel,
1361 1624 1543 1687 Fische
1580 1632 1683 1687 &a
1725 1630 2010 1707 Augspurg

110 1721 286 1786 1687.
313 1717 368 1771 in
397 1723 451 1782 8.
476 1733 603 1772 cum
636 1715 715 1770 26
751 1711 938 1770 tabulis
965 1715 1140 1774 aeneis.
1195 1711 1332 1769 Vide
1356 1711 1719 1768 Briickmamzi
1745 1711 1880 1766 Bibl.
1909 1715 2008 1780 69.

275 1796 526 1855 Andreas
576 1794 818 1872 Cleyerm
861 1793 926 1851 de
961 1808 1074 1850 cete
1111 1796 1315 1867 majore
1352 1790 1726 1875 ambropliago
1762 1795 1917 1852 Extat
1951 1797 2008 1851 in

103 1879 442 1960 Mfisshmw.
468 1882 600 1939 Dee.
629 1900 682 1940 2.
714 1882 774 1937 Α.
803 1889 856 1944 8.
894 1884 1069 1951 1689.

23 1998 28 2002 ,
275 1968 358 2023 Io,
386 1964 475 2023 W
469 1963 663 2019 eiclzart
698 1962 764 2020 V
759 1961 968 2038 alvczsbr
990 1963 1094 2017 Die
1118 1958 1261 2015 Ehre
1283 1955 1374 2015 des
1400 1960 1814 2039 Herzogthums
1842 1960 2009 2017 Crain

100 2048 159 2110 P.
188 2051 280 2109 lV.
330 2047 580 2123 Leybach
613 2050 767 2120 1689
795 2043 894 2104 fol.
981 2048 1169 2102 I’raetcr
1193 2042 1322 2108 alia,
1366 2040 1559 2100 Bellias
1595 2065 1715 2100 aves
1749 2049 1803 2102 ὅ(
1839 2039 2005 2100 Pisces

103 2140 205 2193 δίο.
240 2129 476 2192 describit
519 2126 741 2195 Recens,
780 2135 835 2187 in
869 2126 992 2190 Ab?
1030 2127 1177 2189 erud.
1221 2130 1395 2202 1689.
1429 2145 1531 2200 90.
1584 2127 1794 2186 Halleri
1838 2125 2005 2186 Meth.

110 2229 244 2289 128.
292 2217 504 2274 Deliciae
544 2212 757 2277 Cobres.
794 2217 842 2274 I.
883 2218 1022 2292 236.

274 2301 438 2361 Geor.
463 2292 698 2358 Hminoei
722 2302 940 2377 Xiphias
971 2296 1336 2359 adumbratus.
1415 2298 1590 2359 Extat.
1626 2295 1785 2375 Mzst.
1822 2286 2007 2372 curios.

100 2387 235 2451 Dee.
263 2409 318 2447 2.
350 2391 452 2444 An.
480 2396 534 2456 8.
569 2390 742 2458 1689.
766 2379 1181 2463 VituperanduS.

272 2472 535 2529 Emanuel
555 2470 740 2549 K'o'm‘g
782 2469 918 2548 Lupi
945 2463 1094 2546 piscis
1128 2470 1183 2525 ὅ(
1217 2464 1446 2547 Mugilis
1482 2464 1759 2525 ventriculi
1796 2460 2008 2523 confor-

102 2559 290 2616 matio.
349 2560 506 2613 Extat
530 2558 586 2611 in
609 2552 765 2631 Misc
788 2573 898 2616 cmx
925 2555 1059 2613 Dec.
1088 2572 1142 2611 2.
1174 2553 1276 2611 An.
1304 2561 1358 2620 8.
1398 2557 1573 2626 1689.

277 2639 530 2719 Ejusdem
575 2641 738 2697 Ranae
781 2632 1059 2719 piscatricis
1103 2650 1355 2694 anatome
1397 2637 1555 2695 Extat
1599 2640 1655 2694 in
1697 2631 1855 2712 Mzsc.
1896 2650 2010 2694 cur.

101 2725 236 2784 Dee.
268 2746 321 2805 3.
351 2728 451 2781 An.
487 2745 536 2781 2.
571 2728 747 2795 1694.

276 2806 543 2884 Christian
589 2806 860 2884 Francisci
908 2804 1131 2862 Paulini
1178 2805 1464 2863 Caenarum
1514 2800 1702 2860 helena
1747 2798 1854 2859 sive
1891 2802 2008 2858 An-

101 2892 284 2974 guilla.
372 2888 616 2951 Francos.
645 2897 696 2949 ὅ(
728 2885 862 2970 Lips.
899 2892 1071 2965 1689.
1100 2894 1153 2946 in
1187 2911 1280 2948 12.

277 2979 463 3056 Georg
492 2976 581 3036 W
574 2976 731 3033 lzeeler
776 2978 1011 3050 lourney
1035 2979 1088 3030 in
1113 2990 1168 3030 to
1188 2975 1358 3031 Grece
1380 2969 1565 3030 Lond.
1607 2975 1784 3042 1682.
1818 2973 1871 3025 in
1910 2965 2007 3027 foi,

106 3065 159 3119 ὅ(
189 3062 387 3122 Gallice
410 3065 550 3119 Paris
584 3065 657 3119 16
666 3063 830 3136 89.in
862 3076 1033 3117 12mo
1064 3057 1180 3118 vol.
1212 3079 1262 3115 2.
1283 3050 1505 3115 Recens.
1532 3058 1584 3111 in
1607 3053 2008 3114 HalleriMeth.

111 3165 133 3205 1
154 3166 250 3205 22.
294 3144 555 3205 Laudatur
580 3149 688 3218 ejus
712 3142 978 3224 diligentia
1006 3147 1061 3199 in
1086 3139 1298 3199 historia
1330 3138 1574 3198 naturali.

272 3227 544 3309 Anonymi
585 3226 814 3289 Mosella
853 3228 1029 3285 Rheni
1064 3231 1252 3286 amica.
1298 3224 1429 3284 oder
1464 3227 1517 3282 in
1545 3220 1866 3304 Voglischen
1902 3222 2008 3278 Ge-

102 3312 250 3397 birge
278 3306 684 3396 entspringende
708 3319 763 3374 in
788 3309 892 3372 den
915 3313 1092 3373 Rhein
1117 3310 1228 3372 sich
1253 3306 1575 3396 ergieffende
1597 3305 2008 3371 Moselssrohm‚

1895 3392 1996 3447 mit
