2345 3765
537 117 1099 186 DIFfERENTIAE
1145 118 1591 190 SPECIFICAE.
1704 88 1707 90 ’
1893 143 2011 213 107

112 289 210 364 5⁰.
261 277 322 340 Si
367 273 628 358 denique
667 295 823 339 unus
867 273 1041 358 piscis
1083 276 1156 339 ab
1202 275 1393 339 altero
1437 274 1707 360 ejusdem
1748 285 2008 362 generis,

238 383 372 425 non
415 364 647 424 tantum
695 360 935 422 exceffu
968 367 1146 444 partis
1185 361 1496 440 cujusdam
1530 367 1596 424 in
1628 363 1816 426 altero
1864 360 2011 428 defi-

239 450 490 523 cientis,
558 442 653 506 sed
703 450 879 508 etiam
913 465 1206 524 numero,
1276 451 1679 527 proportione
1711 448 1774 510 ὃς
1819 445 2012 530 figura

235 531 485 611 alicujus
520 534 732 611 partis,
791 530 889 592 vel
926 534 1104 592 etiam
1125 524 1171 590 si
1204 529 1423 608 tribu3‚
1473 529 1573 591 vel
1596 524 1638 589 fi
1663 529 1898 595 duobus¹
1922 532 2009 596 fo-

230 614 356 676 lum
399 633 476 674 ex
510 613 602 695 his
641 613 906 693 differat,
963 634 1059 675 res
1101 633 1179 674 eo
1213 611 1565 677 evidentior
1608 611 1723 694 est,
1792 616 1853 680 &
1883 615 2009 703 spe-

230 704 355 760 cies
392 697 579 759 ambae
614 719 690 760 eo
717 705 904 781 magis
932 697 1218 761 distinetae
1254 695 1407 762 sunt.
1606 702 1616 717 ‘

106 787 208 848 60.
253 783 312 843 Si
349 800 501 844 vero
537 803 691 845 unus
728 783 899 865 piscis
933 784 1004 844 ab
1041 781 1234 844 altero
1268 779 1537 863 ejusdem
1572 787 1810 862 generis
1846 788 2008 847 colore

229 866 654 929 tantummodo
690 865 954 930 diversus
991 863 1096 944 fit,
1156 866 1298 928 licet
1322 870 1373 928 is
1398 863 1681 929 constans
1710 867 2003 947 videatur,

226 964 355 1013 tum
378 971 473 1012 res
497 952 769 1034 ambigua
799 948 902 1030 est,
949 951 1010 1014 ὅτ
1035 971 1170 1013 non
1193 946 1316 1012 fine
1343 949 1650 1034 periculo;
1694 949 2006 1016 sciendum

225 1032 312 1096 est
335 1055 642 1117 nunquam
680 1036 803 1097 dari
825 1035 967 1098 duas
991 1035 1215 1120 species
1239 1041 1418 1097 unius
1445 1042 1683 1117 generis
1711 1056 1880 1099 veras
1906 1035 2004 1099 seu

228 1116 561 1199 distin&a8‚
620 1141 750 1201 quae
783 1126 847 1181 in
873 1120 1033 1182 nulla
1060 1118 1167 1181 alia
1198 1140 1263 1181 re
1286 1140 1462 1201 quam
1489 1117 1621 1181 solo
1648 1119 1862 1184 colore
1885 1120 2005 1196 difi-

219 1203 456 1282 ferunt,
516 1204 682 1285 quod
716 1205 959 1268 cuilibet
992 1203 1216 1288 species
1250 1199 1492 1272 suorum
1518 1220 1814 1285 generum
1836 1211 1997 1270 inter

223 1287 282 1350 se
312 1285 468 1351 bene
503 1287 849 1351 conferenti
882 1290 1130 1372 putebit.
1175 1287 1293 1347 vid.
1324 1290 1504 1351 Linn.
1528 1288 1695 1353 fund.
1719 1307 1811 1370 27.

263 1392 381 1450 213.
432 1372 625 1451 Qiod
658 1387 858 1435 autem
893 1374 1029 1430 color
1059 1377 1125 1432 in
1159 1391 1278 1432 una
1312 1370 1645 1453 eademque
1677 1371 1873 1454 specie
1900 1370 1999 1434 ad-

93 1456 347 1519 modum
380 1461 596 1526 variat,
652 1455 712 1518 &
746 1461 866 1535 jam
899 1451 1197 1517 intensior
1236 1451 1352 1533 est,
1407 1461 1527 1536 jam
1560 1453 1892 1535 remissior,
1939 1455 1999 1520 id
2045 1462 2274 1540 pag.86.

93 1541 193 1604 vel
225 1539 345 1601 sola
381 1541 551 1598 Perea
577 1541 870 1620 fluviatilis
900 1539 1162 1601 Bellonii
1197 1539 1380 1602 nobis
1416 1539 1817 1621 demonstrat,
1864 1562 1999 1622 quae

92 1624 398 1687 interdurn
436 1636 563 1686 tota
601 1625 917 1704 πὶἕνψεηε,
978 1623 1279 1684 interdum
1314 1644 1465 1684 vero
1504 1625 1565 1686 &
1603 1623 1808 1707 saepius
1843 1626 1995 1687 lute-

93 1709 262 1772 seens
300 1706 416 1787 est,
476 1723 659 1790 prout
689 1707 914 1769 scilicet
937 1728 1086 1788 aqua
1110 1707 1171 1768 &
1199 1706 1419 1768 fundus
1451 1708 1605 1786 loci,
1654 1716 1718 1769 in
1747 1729 1868 1790 quo
1894 1708 1992 1771 de-

92 1801 214 1878 git,
280 1793 379 1856 vel
414 1796 655 1875 puriora
692 1789 825 1853 sunt
861 1792 962 1852 vel
998 1790 1326 1854 turbidiora
1360 1791 1420 1854 &
1457 1798 1645 1874 magis
1682 1793 1990 1856 lutulenta.

90 1878 280 1942 Unde
312 1876 603 1958 sequitur,
662 1874 824 1955 quod
858 1876 1056 1937 nullus
1093 1873 1266 1957 piscis
1290 1873 1420 1937 solo
1450 1876 1666 1938 colore
1691 1898 1722 1938 a
1746 1878 1998 1959 reliquie

89 1953 205 2025 suae
235 1960 452 2046 speciei
485 1958 811 2022 individuis
847 1958 1130 2022 differens
1141 2008 1163 2040 ,
1209 1979 1324 2044 pro
1363 1958 1632 2025 distineta
1664 1959 1858 2047 specie
1882 1963 1991 2027 ha-¹

88 2046 323 2111 bendus
345 2041 436 2113 fit.

260 2152 383 2211 2¹4·
429 2129 735 2194 Interdum
771 2149 923 2193 vero
957 2128 1171 2192 dantur
1201 2129 1425 2216 species
1454 2131 1679 2213 aliquot
1703 2130 1993 2215 distinftae:

90 2223 270 2280 unius
309 2223 580 2297 genem,
635 2236 764 2297 quae
799 2212 903 2276 fibi
936 2215 1090 2276 adeo
1139 2210 1355 2278 fimiles
1399 2215 1564 2296 sunt,
1631 2232 1696 2280 ut
1729 2215 1792 2279 in
1826 2219 1987 2280 nulla.

90 2301 235 2366 reali
261 2315 407 2363 nota
442 2299 680 2363 differre
715 2299 1062 2378 videantur,
1119 2306 1289 2381 cujus
1318 2308 1403 2362 rei
1429 2301 1770 2385 exemplum
1805 2303 1986 2365 nobis

92 2387 339 2449 exhibet
367 2406 558 2467 genus
602 2384 918 2463 salmonis,
985 2389 1051 2444 in
1084 2403 1208 2464 quo
1254 2405 1471 2448 omnes
1504 2384 1726 2468 species
1762 2382 1868 2449 fibi
1912 2382 1989 2448 fi·

90 2469 356 2535 millimae
377 2470 542 2549 sunt,
601 2470 662 2532 &
684 2467 1100 2551 magnitudine
1127 2483 1354 2532 tantum
1370 2519 1387 2550 ‚
1431 2469 1643 2532 colore
1667 2472 1729 2534 &
1753 2471 1877 2533 aliis
1900 2490 1987 2532 re·

90 2557 201 2618 bus
245 2554 654 2617 accidentibus
698 2553 1027 2637 discrepare
1062 2553 1363 2618 videntur.
1471 2556 1683 2636 Neque
1718 2559 1880 2616 enim
1915 2561 1983 2617 in

90 2658 354 2703 numero
386 2643 565 2720 partis
599 2638 908 2718 cujusdam
945 2636 1255 2700 differunt:
1324 2641 1538 2718 Figura
1577 2659 1818 2719 quoque
1851 2659 1983 2723 par-

87 2732 241 2790 tium
287 2741 670 2784 externarum
715 2721 921 2782 eadem
954 2719 1079 2781 fere
1111 2727 1175 2782 in
1211 2722 1493 2784 omnibus
1542 2721 1654 2783 est:
1719 2724 1981 2806 Propor-

89 2816 179 2873 tio
213 2805 688 2870 mandibularum
724 2806 784 2867 &
815 2804 1211 2886 longitudinis
1248 2806 1321 2868 ad
1366 2806 1737 2869 latitudinem
1766 2812 1830 2869 in
1857 2813 1979 2888 qui-

88 2893 337 2957 busdam
373 2890 570 2953 differt
600 2888 874 2971 quidem,
936 2888 1033 2950 sed,
1066 2909 1196 2951 non
1227 2890 1510 2953 multum:
1555 2890 1755 2954 Color
1778 2892 1840 2954 &
1862 2913 1980 2953 ma-

91 2979 237 3040 culae
272 2982 506 3040 variant
540 2974 815 3057 quidem,
867 2972 963 3035 sed
998 2973 1146 3056 saepe
1180 2979 1245 3035 in
1269 2996 1385 3036 una
1410 2974 1735 3056 eademque
1758 2975 1976 3058 specie,

91 3070 171 3125 ita
215 3075 280 3123 ut
328 3061 559 3122 nullum
611 3080 801 3140 genus
856 3059 1006 3120 mihi
1052 3058 1362 3140 hucusque
1407 3066 1716 3139 innotuit,
1805 3066 1976 3139 cujus

88 3146 314 3231 speeies
350 3142 718 3206 difficiliores
749 3142 881 3206 sunt
913 3143 981 3204 ad
1017 3141 1491 3222 dignoscendum
1534 3140 1568 3206 a
1599 3144 1656 3205 se
1685 3151 1978 3221 invicem,

90 3253 267 3314 quam
291 3229 416 3294 hoc
449 3227 749 3295 salmoniS.
836 3229 989 3291 Nam
1017 3225 1261 3378 ogicula
1283 3234 1638 3315 pinnarum,
1685 3248 1813 3308 quoe
1837 3226 1976 3288 alias

1163 3331 1199 3376 2
1906 3333 1976 3375 m
