2345 3765
686 134 1031 203 CLASSES
1096 137 1460 207 PISCIUM
1938 163 2012 230 “23

289 311 422 372 130.
477 284 700 355 Classes
745 293 1040 356 naturales
1079 298 1287 375 (127.)
1330 293 1465 359 sunt
1498 294 1646 376 illae,
1702 297 1767 360 in
1799 299 2036 381 quibus

119 382 326 440 omnia
358 395 579 458 genera
614 374 686 436 ad
711 372 836 438 suas
864 376 1066 441 claffes
1090 378 1343 456 referta,
1391 386 1885 446 convenientiam
1912 408 2013 449 na·

114 462 368 525 turalem
402 466 467 522 in
498 459 768 544 plurimis
808 463 1072 545 partibus
1100 462 1351 524 habent:
1392 468 1474 525 ita
1502 463 1617 547 ipsa
1640 486 1861 547 genera
1884 463 2010 532 sub-

110 546 622 628 alternataprimo
658 543 821 608 redie
856 547 917 610 &
942 546 1286 611 naturaliter
1311 551 1473 609 inter
1494 546 1550 609 se
1575 550 1900 632 collocari,
1948 555 2011 619 δε

107 634 176 693 ‘in
201 643 400 693 certos
435 624 970 714 quafimanipulos
1008 631 1234 712 redigi,
1304 630 1366 692 &
1402 632 1623 694 exinde
1660 634 1863 701 claffes
1895 659 2006 721 po-

102 712 240 859 ¹stea
271 710 543 776 construi
589 712 842 795 debent,
901 736 1043 799 ‘quae
1076 735 1200 798 quo
1231 719 1554 799 pauciores
1582 715 1715 781 sunt
1750 740 1827 784 eo
1863 720 2007 786 faei-

127 803 287 861 iores
310 802 429 876 (b).

274 903 403 962 131.
458 880 705 944 Desumi
747 895 948 944 autem
995 882 1217 947 debent
1253 883 1555 967 eJ‘usmodi
1591 883 1827 966 claffeS‚
1906 890 2006 951 vel

99 966 322 1031 rectius
367 965 617 1028 ordines
658 966 956 1030 naturales
1003 973 1259 1048 (130),
1327 983 1394 1032 ut
1434 970 1894 1054 mineralogiam
1943 975 2007 1036 δε

97 1051 525 1137 phytologiam
557 1066 1014 1137 praetereamus,
1066 1058 1254 1137 inque
1298 1052 1417 1116 sola
1452 1054 1742 1138 zoologia
1765 1077 2006 1122 manea-

98 1158 253 1200 mus,

99 1232 185 1286 1⁵.
232 1225 303 1285 ln
337 1220 819 1305 quadrupedibus
853 1218 1054 1305 pilosis
1081 1222 1153 1285 ab
1176 1227 1420 1306 unguiis
1444 1223 1858 1308 &unguibu8‚
1902 1229 2001 1294 vei

225 1329 261 1370 a
285 1306 562 1371 dentibus
595 1327 737 1369 cum
758 1307 1151 1374 D.L1NNAE0.
1593 1330 1595 1332 ·

1803 1404 1900 1454 20.
1931 1395 1999 1456 [n

764 1650 1322 1706 AanAMEm-um.

264 1735 364 1811 (b)
410 1728 599 1792 Clasfis
640 1748 823 1790 mente
862 1733 1086 1800 Linnaei
1118 1729 1191 1788 est
1225 1747 1489 1810 generum
1526 1729 1761 1811 plurium
1797 1755 1998 1796 conve-

91 1822 291 1881 nientia
336 1823 394 1876 in
442 1814 675 1898 partibus
718 1812 1037 1896 quibusdam
1086 1808 1377 1872 secundum
1413 1818 1666 1895 principia
1710 1833 1908 1877 naturae
1943 1835 1997 1880 et

89 1910 230 1963 artis,
343 1903 496 1961 Ordo
533 1917 714 1957 autem
755 1897 829 1957 est
866 1896 1033 1957 classis
1077 1893 1356 1956 subdivifio
1403 1919 1504 1980 qua
1541 1920 1734 1980 genera
1770 1906 1907 1962 inter
1940 1900 1995 1963 se

88 1990 261 2070 magis
283 1984 464 2044 affinia
491 1987 738 2064 proxime
763 1982 1111 2042 collocantur.

265 2070 442 2147 Claffis
477 2089 659 2128 nomen
693 2065 785 2125 etfi
822 2067 1010 2125 audior
1048 2063 1229 2123 noster
1261 2068 1315 2121 in
1348 2065 1851 2149 ichthyologianon
1877 2069 1993 2129 vult

89 2154 346 2225 tolerare,
391 2170 574 2213 tamen
597 2157 651 2210 in
677 2148 771 2210 suo
795 2148 1075 2227 systemate
1103 2145 1263 2230 pisces
1287 2145 1596 2207 summatim
1620 2156 1675 2210 in'
1707 2147 1834 2213 duas
1865 2152 1989 2213 class

83 2238 195 2306 fes,
239 2262 438 2320 nempe
470 2243 526 2295 in
558 2239 858 2296 catheturos
892 2252 943 2295 et
975 2235 1247 2317 plagiuros
1282 2236 1433 2294 tacite
1471 2231 1655 2302 divisit.
1739 2236 1879 2298 Vide
1904 2235 1989 2317 sy-

87 2324 253 2385 stema
288 2328 395 2397 ejus
420 2328 472 2379 in
499 2319 828 2403 Appendiee.

254 2411 409 2467 Notae
442 2412 496 2465 in
531 2403 860 2482 coiistanteS‚
924 2425 1040 2485 quae
1070 2403 1135 2461 ab
1171 2419 1349 2474 aetate,
1395 2409 1751 2465 nutrimento
1787 2406 1986 2466 habita·

87 2497 234 2554 tione
269 2491 562 2551 diverfitate
597 2488 906 2559 climatum,
971 2505 1021 2547 et
1063 2508 1321 2569 aquarum
1359 2487 1564 2570 aliaque
1597 2487 1743 2548 causa
1768 2487 1985 2550 fortuita

86 2575 368 2645 exsistunt,
427 2590 485 2632 ut
508 2574 660 2633 color
685 2573 969 2642 mutabilis,
996 2569 1298 2653 pinguedo,
1343 2573 1662 2652 magnitudo
1689 2575 1982 2646 abnor1ni8‚

84 2659 396 2720 deformitas
420 2664 522 2719 &a
547 2656 611 2715 ad
639 2656 953 2737 lingularem
981 2655 1240 2737 speciem,
1278 2655 1703 2715 constituendam
1730 2679 1843 2715 non
1876 2654 1981 2716 suf-

81 2745 290 2805 ficiunt.
323 2747 505 2825 Itaque
535 2742 602 2802 V
596 2744 791 2798 arietes
815 2744 922 2815 ejus
955 2737 1175 2821 speciei,
1234 2762 1462 2820 quacum
1489 2739 1618 2812 situ,
1674 2762 1906 2800 numero
1928 2758 1981 2802 et

80 2829 252 2911 figura
293 2833 520 2910 partium
562 2841 929 2894 externarum,
991 2840 1049 2882 ut
1097 2840 1147 2883 et
1181 2819 1616 2885 conformatione
1649 2829 1979 2886 internarum

82 2919 319 2973 maxime
346 2916 630 2976 convenit,
685 2907 994 2990 appellanda
1020 2909 1111 2970 est.

252 2997 336 3055 Ad
370 3000 700 3055 memoriam
744 3009 795 3052 et
828 2993 1205 3073 allegationem
1241 2993 1519 3054 levandam
1556 2996 1825 3055 Limzaeus·
1859 2999 1975 3056 No-

79 3101 195 3140 men
232 3085 436 3138 triviale
481 3097 733 3160 tanquam
774 3099 1086 3160 cognomen
1130 3084 1411 3161 proprium
1456 3085 1744 3162 unicuique
1786 3079 1974 3163 speciei

81 3170 139 3224 in
174 3169 413 3244 margine
445 3161 714 3244 appellnt,
764 3161 912 3243 qnod
947 3183 1011 3221 ex
1033 3168 1195 3242 unico
1220 3164 1484 3225 vocabulo
1508 3165 1734 3232 constat.
1816 3156 1970 3224 Con·

80 3247 176 3310 fer.
209 3251 335 3322 Ejus
373 3248 667 3326 Phiquoph.
703 3251 877 3307 botcm.
906 3269 1030 3330 pag.
1060 3267 1203 3312 202.

144 3350 316 3405 Artedc·
332 3346 630 3414 Philosophia.
1226 3334 1274 3393 K
