2345 3765
208 192 314 253 128
488 170 1240 242 ADDITAMENTUM
1282 173 1587 244 SECULI
1634 176 1852 248 XVIII.

214 340 376 399 Extat
399 340 452 393 in
480 335 626 397 Nov.
654 331 802 393 Com.
828 332 1102 410 Petropol.
1131 334 1308 395 Toni.
1332 356 1390 410 9.
1417 360 1469 420 p.
1499 360 1639 410 420.
1665 332 1888 398 Recens.
1902 340 1957 396 in
1988 332 2141 399 Coni.

218 425 278 483 de
312 424 466 482 rebus
510 417 638 479 Vol.
677 439 770 492 14.
799 441 850 500 p.
885 440 1018 500 130.
1044 415 1168 480 Αῆ.
1205 421 1398 483 erudit.
1433 428 1615 503 1765.

258 580 263 583 .
391 506 651 590 Ejusdem
678 500 902 563 Piscium
926 509 1189 563 rariorum
1214 502 1592 589 descriptiones
1621 513 1957 568 continuatae.
2004 508 2143 564 Sunt

218 591 297 652 illi
351 589 412 672 1)
452 593 695 672 Lophius
731 587 958 661 officulo
1002 587 1223 658 frontis,
1280 593 1556 654 tentaculis
1599 593 1831 655 carnofis
1898 590 2145 652 centrali-

219 678 320 737 bus
346 680 669 736 terminato:
720 679 788 752 α)
817 674 977 745 Mola
1002 675 1265 747 aculeata,
1308 675 1482 736 limbo
1514 678 1821 738 abdominis
1855 676 2143 760 produdffi,

219 777 495 822 attenuato
533 767 585 822 ὅ(
615 759 857 823 carnoso,
909 762 976 843 3)
1024 765 1194 822 Percis
1233 767 1410 844 pinnae
1443 760 1660 822 dorsalis
1693 762 1849 822 radiis
1888 762 2145 822 undecim

220 846 475 929 spinofi8‚
522 846 928 928 quatuordecim
961 847 1239 912 mollibus,
1270 844 1437 907 fasciis
1465 849 1627 907 tribus
1649 848 2016 911 albicantibus,
2071 852 2146 922 4)

217 937 394 992 Percis
431 929 599 990 fasciis
637 933 802 989 tribus
837 931 1212 1001 albicantibus,
1279 928 1390 993 osse
1429 933 1583 992 malae
1620 939 1892 1016 utrimque
1927 938 1981 990 in
2017 931 2148 990 duas

212 1014 416 1098 spinas,
463 1038 629 1074 unam
660 1014 885 1096 longam
921 1022 976 1077 ὅς
1007 1016 1226 1076 alteram
1263 1016 1481 1078 brevem
1520 1018 1811 1101 producta
1899 1021 2058 1078 Extat
2092 1021 2150 1075 in

214 1104 366 1164 Nov.
395 1100 544 1162 Com.
566 1101 797 1180 Petrop.
823 1103 983 1161 Tom
1018 1123 1110 1164 10.
1139 1125 1191 1184 p.
1218 1123 1290 1182 32
1300 1122 1359 1176 9,
1387 1101 1615 1168 Recens.
1640 1111 1696 1165 in
1729 1104 1879 1168 Com.
1905 1107 1966 1164 de
1998 1105 2149 1163 rebus

215 1188 348 1251 Vol.
383 1191 475 1249 16.
504 1210 554 1269 p.
586 1207 730 1269 317.
762 1185 881 1252 Αὲῗ,
908 1188 1105 1250 erudit.
1150 1193 1327 1266 3766.

393 1303 652 1385 Ejusdem
680 1298 991 1382 Descriptio
1018 1299 1168 1385 piscis
1193 1305 1436 1386 Naxvaga
1462 1303 1588 1365 dicti
1625 1310 1694 1384 (i.
1727 1330 1775 1370 e.
1803 1303 1938 1365 Gadi
1973 1302 2150 1362 Calla-

212 1392 346 1467 εἰπε)
391 1392 567 1450 Extat.
599 1392 655 1446 in
674 1390 819 1448 Nov.
854 1387 984 1448 Com
1029 1390 1251 1467 Peli-op.
1291 1392 1475 1453 Tom.
1522 1412 1616 1465 14.
1654 1414 1708 1475 p.
1745 1401 1892 1467 484.
1925 1384 2152 1456 Recens.

118 1479 124 1480 ⁷
217 1483 278 1536 in
312 1474 457 1535 Com.
484 1475 545 1532 de
581 1477 746 1532 rebus.
794 1475 922 1533 Vol.
959 1498 1056 1538 20.
1089 1498 1141 1555 p.
1171 1496 1231 1554 7.

394 1561 657 1643 Ejusdem
705 1554 1007 1640 Descriptio
1036 1558 1293 1619 historico
1319 1599 1339 1609 -
1365 1564 1670 1620 anatomiea
1718 1563 1948 1645 Cypriui
1983 1558 2152 1619 Rutili

217 1645 399 1709 Ruffis
425 1641 842 1704 Halawellditfti
868 1651 924 1704 ὅ(
949 1644 1224 1705 Salmonis
1251 1647 1490 1705 Lavareti
1518 1644 1694 1706 Ruffis
1721 1649 1814 1729 sig
1851 1646 1995 1708 dieti.
2041 1648 2151 1704 Ex-

219 1750 293 1793 tat
318 1737 372 1791 in
403 1733 545 1789 Nov.
574 1751 701 1792 com.
733 1730 960 1806 Petrop.
986 1730 1187 1799 r[omo
1225 1752 1317 1802 14.
1343 1754 1396 1811 p.
1428 1752 1555 1806 494
1576 1737 1628 1792 δε
1659 1754 1797 1812 504.

397 1845 656 1929 Ejusdem
712 1838 1125 1903 Observationes
1161 1841 1652 1927 splanchuologicae
1683 1846 1749 1904 ad
1791 1844 2154 1929 Accipenseris

220 1934 461 1996 Rutlieni
510 1932 581 1992 L.
628 1945 922 1989 anatomen
968 1925 1282 2010 spetstanteS.
1374 1934 1532 1989 Extat
1567 1930 1768 1991 ibidem
1815 1956 1871 2013 p.
1919 1953 2057 2010 5¹1.
2097 1937 2154 1992 ὅ(

221 2020 584 2080 Continuatio
609 2019 666 2074 in
680 2016 805 2077 Vol.
830 2035 923 2096 17.
981 2011 1278 2080 Recensin
1298 2013 1447 2077 Com.
1472 2017 1531 2074 de
1552 2021 1706 2075 rebus
1731 2016 1862 2081 Vol.
1888 2037 1920 2075 2
1940 2040 1954 2079 ι
1971 2064 1987 2084 .
2010 2040 2064 2100 p.
2095 2041 2153 2089 4.

401 2132 661 2214 Ejusdem
707 2128 1009 2211 Descriptio
1049 2126 1200 2210 piscis
1235 2153 1264 2188 e
1300 2152 1707 2213 coregonorum
1741 2154 1939 2214 genere
1975 2129 2154 2191 Ruffis

224 2221 502 2299 Riapucha
537 2213 661 2288 dicti
705 2214 930 2288 (Saluio
968 2214 1142 2272 albula
1179 2218 1279 2293 L.)
1327 2214 1954 2278 liislorico-auatomica.
1998 2222 2156 2276 Extat

227 2312 283 2365 in
310 2305 458 2365 Nov.
491 2301 641 2361 Com.
675 2300 894 2378 Petrop.
919 2303 998 2365 T.
1032 2311 1124 2368 18.
1149 2323 1202 2382 p.
1234 2320 1374 2383 503.
1413 2298 1637 2364 Recens.
1664 2307 1720 2361 iu
1753 2303 1978 2367 Com.de
2001 2306 2155 2361 rebus

225 2390 357 2453 Vol.
390 2412 486 2450 21.
555 2441 561 2447 .
600 2407 738 2465 577.

397 2411 656 2555 Ejusdem
682 2464 1356 2533 'ObservationesiuGado
1381 2473 1516 2533 Lota
1542 2473 1805 2540 institutae.
1851 2471 2072 2533 Exstant
2097 2477 2153 2534 in

228 2562 373 2622 Nov.
405 2558 555 2622 Com.
579 2558 804 2633 Petrop.
827 2556 1028 2613 Tomo
1074 2577 1163 2631 ¹9·
1200 2581 1253 2639 p.
1280 2579 1426 2633 424.

281 2717 283 2719 ι
404 2646 569 2703 Peter
593 2644 814 2700 Kolbem
844 2637 996 2699 Reise
1020 2663 1086 2700 au
1113 2642 1202 2702 das
1229 2646 1384 2726 Capo
1408 2643 1474 2705 de
1502 2647 1692 2706 Bonne
1730 2642 2027 2728 Esperance
2051 2651 2155 2708 &cz

226 2732 603 2810 Norimbergae
634 2747 812 2808 17!9·
847 2729 900 2783 iu
927 2725 1024 2786 tol.
1050 2751 1095 2792 c,
1122 2730 1225 2792 tab.
1254 2752 1352 2790 aen.
1377 2732 1555 2792 Toni.
1589 2751 1641 2810 3.
1670 2729 1890 2797 Recens.
1919 2737 1974 2791 in
2001 2730 2157 2792 Astis

229 2819 558 2877 cruditormn
593 2835 770 2890 1720.
799 2810 939 2872 Vide
966 2812 1233 2872 Boelzmeri
1260 2815 1400 2872 Bm.
1431 2820 1465 2872 I.
1506 2840 1540 2895 7
1559 2838 1573 2874 i
1592 2825 1649 2882 6.

211 2963 219 2966 ,
401 2897 761 2981 Beschryving
790 2919 902 2956 von
930 2894 995 2957 de
1030 2900 1177 2981 Kaap
1214 2897 1280 2959 de
1316 2900 1493 2962 Golde
1527 2904 1699 2986 hoop.
1760 2901 1931 2964 Amst.
1973 2920 2154 2983 1727.

231 2991 288 3047 in
311 2984 408 3048 fol.
436 3011 482 3050 c.
512 2986 610 3050 tab,
637 3008 735 3044 aen.
781 3006 811 3044 2
851 2983 1057 3045 Tomi.

403 3075 665 3151 Epitome
707 3072 861 3143 hujus
897 3074 1106 3150 operis,
1174 3070 1450 3133 inutilibus
1486 3073 1730 3151 omissis,
1789 3070 1986 3155 prodiit
2019 3073 2155 3132 Ger-

234 3160 462 3217 manice.
490 3156 777 3235 Niirnberg
808 3174 986 3232 1745.
1015 3160 1068 3213 in
1095 3176 1149 3225 4.
1184 3179 1231 3217 e.
1271 3156 1367 3238 fig.
1407 3159 1652 3240 Anglice.
1691 3161 1861 3223 Loud.
1909 3179 2058 3242 1731
2099 3162 2156 3218 &

243 3244 499 3323 1735.in
525 3250 579 3306 8.
626 3237 847 3305 Gallice.
885 3238 1057 3301 Amst.
1097 3263 1274 3324 1741.
1303 3247 1358 3302 in
1395 3265 1483 3308 12.
1512 3241 1638 3304 Vol.
1677 3262 1736 3322 3.

2001 3410 2152 3479 Gall.

2322 946 2337 978 ai-
2312 829 2337 861 «ῥ’.
2312 343 2336 787 ,νπίωὴωιεζδήωψ
