2345 3765
0 986 240 1074 {aag087.

276 144 397 212 108
704 124 1165 197 DIFFERENT
1169 128 1268 196 1AE
1322 129 1768 201 SPECIFICAE.

280 297 349 356 in
383 287 669 353 omnibus
703 294 885 352 unius
931 294 1174 370 generis
1222 286 1528 372 speciebus
1572 314 1787 351 numero
1823 290 2064 355 differre
2101 296 2211 359 sod>

279 377 445 455 lent,
503 381 567 436 in
605 371 850 458 singulis
886 374 1067 455 hujus
1100 383 1339 458 generis
1365 373 1675 460 speciebus
1701 378 1960 442 eundem
1986 396 2200 444 nume-

278 481 416 527 rum
453 461 754 526 obtinent.

459 567 573 627 2¹5·
640 547 735 610 Ut
778 561 974 610 autem
1032 554 1181 611 certi
1232 545 1412 612 fimus
1451 570 1560 633 qua
1609 559 1848 617 ratione
1896 551 2204 626 eiusmodi

281 633 510 720 species
547 637 726 696 unius
764 641 1006 716 generis
1040 633 1145 696 fibi
1182 631 1436 715 similes,
1493 658 1635 699 vere
1662 660 1693 700 a
1716 640 2067 703 seinvicem
2097 635 2205 710 dis-

278 719 525 799 ferunt,
583 725 850 779 vertebrae
885 723 1028 798 dorfi
1061 729 1368 783 numerari
1410 722 1664 803 debent,
1735 727 1931 806 (quod
1970 718 2208 808 optime

280 810 351 869 in
387 804 644 890 piscibus
679 803 871 867 coelis
898 801 1018 884 fiti)
1109 808 1415 868 Numerus
1451 813 1617 870 enim
1659 809 1872 871 harum
1903 811 2206 872 vertebra·

282 913 419 955 rum
455 889 689 975 semper
719 897 783 952 in
822 912 942 953 una
978 892 1309 973 eademque
1336 892 1529 977 specie
1555 893 1713 956 idem
1742 893 1855 975 est,
1903 896 1964 959 &
1989 908 2208 956 contra

280 974 549 1041 diversus
590 976 946 1061 plerumque
980 982 1044 1038 in
1079 974 1346 1041 diversis.
1443 977 1556 1041 Ast
1593 982 1936 1043 cavendum
1962 977 2080 1056 est,
2129 996 2211 1040 ne

280 1082 456 1127 error
493 1062 706 1144 aliquis
739 1067 804 1123 in
840 1064 1224 1128 numerando
1261 1072 1713 1145 committatur,
1782 1065 2042 1152 proinde
2077 1077 2210 1127 tota

280 1144 444 1213 dorsi
476 1147 641 1233 spina
679 1168 712 1209 a
747 1168 929 1211 carne
967 1149 1030 1228 &
1063 1150 1432 1213 membranis
1470 1151 1626 1213 bene
1648 1151 1941 1236 separata,
2011 1156 2082 1212 in
2110 1169 2210 1234 pa-

277 1236 418 1302 tella
454 1235 554 1298 vel
591 1232 794 1296 mensa
828 1235 1088 1315 munda,
1153 1236 1410 1299 cultello
1442 1242 1505 1299 in
1545 1235 1672 1301 suas
1708 1238 2021 1303 vertebras
2054 1234 2211 1297 divi-

274 1319 475 1385 denda
510 1318 626 1400 est,
696 1340 827 1402 quae
863 1319 1069 1405 postea
1114 1322 1274 1384 bene
1315 1339 1744 1405 numerantur,
1813 1338 1880 1386 ut
1916 1337 2213 1384 numerus

273 1406 516 1471 illarum
561 1425 742 1468 verus
788 1405 1156 1481 innotescat3
1231 1411 1457 1470 Iterum
1506 1424 1712 1472 tamen
1762 1424 1943 1488 atque
1984 1413 2212 1469 iterum

273 1511 546 1572 moneo,
605 1512 686 1552 ne
722 1491 1002 1553 vertebra
1040 1498 1324 1573 utrinque
1358 1491 1566 1554 ultima
1603 1493 1704 1554 seu
1748 1493 1955 1553 caudae
1996 1492 2056 1552 &
2082 1510 2211 1552 cra-

275 1584 388 1644 nio
417 1582 719 1662 proxima,
767 1581 835 1636 in
859 1575 1233 1660 separatione
1256 1582 1594 1654 omittatur,
1643 1599 1844 1658 neque
1877 1574 2057 1637 semel
2080 1591 2212 1638 tan·

276 1676 444 1743 tum,
502 1660 599 1723 sed
636 1662 958 1740 aliquoties
993 1662 1374 1723 certitudinis
1414 1660 1606 1724 caussa
1630 1667 1936 1724 numerari
1963 1661 2212 1723 debent.

451 1750 575 1810 216.
623 1746 758 1809 Hac
794 1752 1036 1809 ratione
1073 1751 1269 1827 (215.)
1307 1745 1514 1809 videas
1541 1746 1764 1832 piscem
1797 1753 2119 1809 minimum
2147 1746 2212 1810 ὅτ

275 1839 614 1901 maximum
650 1830 922 1912 ejusdem
970 1830 1222 1916 specieI,
1292 1831 1525 1916 semper
1574 1833 1834 1895 eundem
1882 1852 2212 1895 numerum

277 1921 698 1986 vertebrarum
736 1918 1035 1982 obtinere.
1133 1916 1312 1982 Piscis
1347 1934 1550 1982 autem
1586 1919 1684 1981 vel
1724 1918 1950 2003 species
1980 1914 2213 1980 diversa

278 2008 639 2092 plerumque
683 2026 805 2066 una
854 2003 1169 2082 vertebra,
1237 2001 1282 2068 fi
1326 2025 1457 2067 non
1508 2004 1807 2089 pluribus,
1875 2003 2210 2087 secundum

279 2113 612 2155 numerum
653 2088 857 2152 differt
893 2111 924 2152 a
966 2090 1210 2172 reliquis
1249 2089 1335 2152 sui
1371 2098 1647 2173 generiS,
1714 2085 1759 2153 fi
1783 2088 1978 2153 modo
2005 2095 2210 2150 innu-

279 2177 578 2245 merando
612 2176 814 2238 nullus
856 2196 1030 2238 error
1056 2173 1408 2238 commissus
1437 2175 1635 2241 fuerit.

452 2283 575 2345 217.
621 2263 770 2324 Hoc
806 2261 947 2324 ideo
978 2260 1261 2346 adposui,
1316 2268 1451 2343 quia
1486 2282 1780 2326 numerus
1807 2267 2061 2347 partium
2091 2258 2211 2324 mass

281 2356 374 2435 gis
411 2355 474 2412 in
511 2347 732 2411 oculos
768 2347 960 2426 cadit,
1002 2367 1196 2429 -quam
1230 2348 1356 2410 aliae
1393 2363 1589 2427 notae,
1651 2370 1791 2410 nam
1820 2349 1930 2410 illae
1956 2347 2208 2432 specieS‚

281 2456 416 2518 quae
440 2441 504 2495 in
532 2432 648 2516 ipsa
674 2454 737 2495 re
765 2431 1008 2494 diversae
1034 2433 1198 2510 sunt,
1258 2432 1545 2495 differunt
1582 2434 1823 2514 quidem
1849 2433 2078 2516 semper
2104 2431 2210 2492 ali-

212 2529 216 2531 ’
283 2517 625 2602 quantisper
661 2524 723 2578 in
759 2513 951 2598 figura
988 2517 1048 2580 ὃς
1075 2523 1482 2601 proportione
1505 2527 1760 2599 partium
1789 2534 2205 2596 externarum,

279 2604 381 2668 sed
420 2601 720 2686 ejusmodi
764 2601 1118 2664 differentiae
1161 2622 1294 2663 non
1342 2601 1496 2664 adeo
1536 2603 1708 2665 clarae
1746 2603 1805 2665 &z
1845 2603 2210 2666 determina-

282 2697 422 2755 tiuae
458 2689 622 2766 sunt,
686 2686 1004 2772 praesertim
1041 2683 1082 2748 fi
1122 2687 1650 2772 ichthyographus
1673 2689 1913 2768 quidam
1944 2695 2006 2749 in
2034 2695 2209 2749 inve-

283 2776 524 2839 niendis
550 2775 864 2854 dfferentiis
881 2773 1139 2853 specificis
1163 2794 1370 2856 parum
1407 2782 1772 2836 exercitatus
1797 2775 1857 2838 Sc
1882 2772 2207 2835 instruetus

282 2857 368 2924 sit.
463 2861 796 2939 Olfiaervatia
853 2860 1096 2921 Dantur
1140 2859 1386 2940 quidem
1422 2858 1652 2940 aliquot
1695 2858 1922 2943 species
1961 2853 2204 2920 diversae

284 2952 464 3008 unius
499 2951 770 3028 generis,
841 2964 972 3026 quae
1017 2965 1206 3005 unum
1246 2943 1504 3006 eundem
1543 2966 1866 3006 numerum
1899 2942 2206 3005 vertebra-

285 3051 420 3094 rum
458 3031 712 3106 habent,
766 3027 862 3090 sed
897 3029 1011 3091 illae
1042 3027 1303 3113 species,
1360 3037 1426 3091 in
1469 3030 1731 3114 partibus
1766 3033 2033 3089 externis
2070 3024 2204 3086 satis

287 3112 611 3192 distineiae,
664 3115 723 3175 ἂ
751 3130 1035 3198 praeterea
1066 3115 1341 3199 exempla
1380 3114 1709 3177 admodum
1741 3133 1870 3173 rara
1905 3109 2075 3189 sunt,
2120 3114 2203 3173 ita

287 3213 354 3265 ut
386 3219 504 3286 ego
531 3204 597 3264 in
620 3197 750 3264 solo
785 3219 1011 3284 genere
1037 3206 1280 3287 cyprini
1301 3199 1449 3266 illud
1477 3197 1810 3264 observavi.

1821 3336 1826 3337 ἢ
1904 3368 2200 3436 VAR1A=
