2345 3765
544 278 1160 348 icHTHYOLoffl
1205 279 1602 368 ANT1QJ1.
1989 303 2022 370 5

125 440 218 505 Ex
247 439 411 502 libris
445 447 704 516 quatuor
730 432 804 495 de
827 433 1090 516 partibus
1113 434 1481 499 animalium:

293 527 522 606 primus
547 518 726 582 habet
748 521 954 603 capita.
1801 542 1852 603 5.

208 603 537 668 Secundus.
1767 625 1851 687 17.

202 693 476 752 Tertius.
799 720 804 722 >
1774 712 1850 769 15.

206 775 495 855 Qiartus.
1779 795 1855 852 13.

121 858 382 936 Primus,
430 876 506 916 ex
535 853 701 916 libris
741 854 813 916 de
832 861 1233 936 generatione
1267 853 1637 934 animalium,
1846 911 1850 917 .

288 936 524 1004 constat
545 940 852 1025 capitibus
1390 1004 1392 1007 ,
1456 1002 1458 1004 ,
1750 956 1851 1000 20.

205 1024 533 1088 Secundus.
1792 1026 1848 1084 6.

202 1112 475 1174 Tertius
509 1107 520 1112 “
1760 1127 1845 1168 10.

204 1196 487 1277 Qiartus.
1212 1201 1222 1208 “
1388 1248 1390 1250 ,
1749 1209 1846 1253 10.

202 1280 490 1362 Quintus.
1407 1273 1411 1276 ’
1794 1285 1848 1347 8.

244 1426 295 1485 3.
339 1404 508 1469 Libri
541 1422 769 1466 novem
806 1403 879 1466 cle
912 1415 1118 1465 natura
1141 1403 1483 1466 animalium
1509 1405 1801 1486 imprimis
1825 1399 1894 1462 ad
1923 1400 2012 1460 hi-

117 1486 359 1552 storiam
387 1487 716 1550 naturalem
745 1487 1041 1569 spectant,
1091 1509 1223 1549 non
1259 1504 1459 1550 tamen
1493 1486 1876 1561 methodice,
1926 1484 2014 1545 di·-

115 1572 282 1636 versa
306 1572 578 1635 animalia
600 1577 665 1632 in
691 1568 933 1634 diversis
951 1571 1113 1633 libris
1139 1572 1426 1650 collocat,
1461 1571 1557 1633 sed
1582 1571 1714 1634 satis
1741 1566 2010 1646 confuse,

115 1662 180 1720 in
204 1678 332 1720 uno
362 1656 510 1741 saepe
537 1656 719 1734 libro,
761 1656 834 1719 de
860 1656 1338 1740 quadrupedibus
1365 1651 1594 1738 pilosffi,
1642 1656 1880 1732 avibus,
1925 1657 2014 1735 pi-

113 1741 342 1822 scibus,
412 1741 736 1824 amphibiis
764 1743 823 1804 ὃς
846 1740 1081 1803 inseetis
1110 1747 1247 1821 agit.
1333 1744 1433 1802 De
1456 1740 1708 1823 piscibus
1735 1759 1850 1820 prae
1876 1738 2009 1798 reli·
2119 1753 2130 1757 “

114 1832 247 1907 quis
273 1832 395 1908 agit
419 1826 582 1888 libris
613 1845 644 1903 5
671 1826 732 1887 &
767 1830 808 1887 6
821 1847 837 1898 3
904 1824 978 1885 de
1000 1824 1231 1883 inseetis
1256 1829 1547 1902 imprimis
1578 1843 1653 1902 4,
1698 1823 1772 1884 de
1795 1821 2004 1883 avibus

111 1911 271 1973 libro
292 1931 366 1989 93
412 1909 485 1971 de
510 1906 988 1990 quadrupedibus
1016 1910 1089 1983 6,
1128 1919 1160 1973 8
1188 1906 1248 1967 ἃ
1271 1905 1532 1985 reliquis.

230 2041 290 2101 4.
334 2020 533 2102 Stylus
566 2016 963 2081 sententiosus
998 2015 1116 2095 est,
1162 2016 1259 2079 sed
1283 2017 1466 2079 multa
1492 2015 1671 2079 habet
1694 2012 1768 2078 ad
1790 2016 2006 2077 zoolo-
2058 2026 2177 2087 pag·
2228 2019 2284 2080 5·

110 2111 268 2190 giam
297 2109 542 2190 proprie
566 2123 698 2164 non
722 2107 1099 2186 pertinentia.

237 2218 378 2281 Alia
414 2216 602 2280 editio
639 2221 840 2299 operis
876 2213 1253 2277 Animalium
1293 2212 1637 2278 Aristotelis
1668 2210 1879 2276 excusa
1921 2209 2004 2276 est

115 2305 186 2366 V
178 2308 358 2364 enetiis
378 2323 505 2382 1513,
538 2302 762 2379 infolio
851 2303 999 2362 Item
1024 2300 1131 2361 alia
1158 2302 1370 2380 Bafileoe
1401 2308 1553 2378 1550.
1593 2303 1647 2357 in
1662 2299 1818 2375 foli0.

105 2501 160 2567 R
207 2419 326 2563 stit
358 2417 418 2480 &
457 2417 710 2499 Lugduni
745 2415 1019 2475 Gallorum
1046 2434 1191 2497 1552.
1221 2414 1493 2481 ἱηόἑῗαυο.
1519 2409 1672 2498 apud
1700 2408 2004 2475 Guilielm.

162 2525 221 2567 ul
270 2525 412 2566 lum.

618 2612 782 2674 Anno
824 2616 1021 2674 Mundi
1053 2618 1230 2693 3620.
1268 2617 1489 2675 circiter.

232 2701 602 2783 *Speusippuss
669 2701 934 2763 Platonis
971 2699 1318 2784 discipuluS,
1390 2702 1598 2762 claruit
1636 2695 2001 2782 Olympiade

110 2795 237 2857 108.
331 2786 451 2846 Hic
475 2790 550 2845 fin
572 2787 703 2845 libro
710 2790 957 2869 similium
991 2792 1079 2850 uti
1106 2785 1387 2871 appellat,
1451 2783 1694 2867 piscium
1722 2789 1895 2846 etiam
1930 2775 1996 2840 fi-

107 2871 281 2932 miles
315 2874 473 2931 inter
502 2868 558 2931 se
596 2869 823 2933 formas
860 2872 1208 2935 habentium
1236 2868 1535 2954 exposuit:
1600 2868 1695 2931 sed
1722 2867 1868 2928 nihil
1894 2886 2000 2926 ex-

107 2952 247 3035 stat,
300 2970 516 3039 praeter
545 2954 674 3036 illa,
719 2977 851 3038 quae
872 2956 1211 3019 Athenaeus
1233 2957 1574 3017 Naucratita
1608 2973 1685 3014 ex
1704 2954 1811 3015 illo
1838 2957 1996 3014 citat.

527 3069 691 3127 Anno
724 3073 915 3130 Mundi
935 3076 1106 3149 3630.
1131 3074 1363 3139 circiter,
1411 3075 1581 3130 vixit.
1609 3069 1612 3071 ’

233 3154 270 3194 *
304 3155 561 3214 Leonides
596 3155 933 3235 Byzantius,
978 3153 1405 3238 Philosophus,
1452 3152 1772 3237 discipulus
1801 3151 1993 3212 Plato-

106 3242 236 3317 niS,
306 3241 403 3300 vel
430 3236 808 3313 Aristoteli33
862 3238 1088 3324 scripsit
1109 3239 1182 3300 de
1206 3238 1462 3323 piscibus
1482 3238 1661 3301 soluta
1682 3241 1990 3308 orationeg,

107 3322 201 3385 sed
228 3323 379 3386 nihil
403 3324 588 3388 hodie
611 3339 790 3389 extat.
876 3324 1114 3391 Citatur
1134 3325 1204 3388 ab
1227 3324 1534 3388 Athenaeo
1560 3321 1831 3387 &Suida.

1079 3481 1138 3546 A
1178 3502 1210 3562 3
1774 3474 1991 3538 Seculo
