2345 3765
294 1011 296 1013 ’
391 971 944 1154 HISTORIA
1035 1065 1663 1159 LITERARIA

71 1264 1973 1400 ICHTHYOLOGIAE.

66 1818 110 1865 10
153 1687 691 1914 Ichthyologia‚
734 1813 1027 1880 quatenus
1052 1812 1119 1859 ut
1146 1796 1390 1860 scientia
1424 1819 1530 1882 per
1569 1798 1626 1860 se
1658 1800 1693 1860 s
1722 1797 1967 1880 astatur,

298 1885 468 1944 nullo
503 1883 728 1944 scilicet
765 1884 973 1943 habito
1009 1879 1275 1963 respectu
1313 1881 1384 1943 ad
1431 1882 1569 1944 alias
1607 1824 1964 1965 diffciplinaffi

65 1967 393 2050 analytice,
434 1964 762 2027 secundum
789 1963 1001 2025 seriem
1025 1963 1365 2027 seculorum
1390 1964 1628 2028 tractari
1650 1967 1848 2029 debet.

193 2099 243 2141 2.
290 2075 477 2159 Qod
508 2079 631 2156 jam
667 2074 937 2159 praestare
969 2076 1360 2156 conabimur,
1427 2092 1714 2160 quantum
1747 2100 1965 2145 monue

63 2177 266 2228 menta
290 2162 411 2225 scil.
467 2166 857 2242 antiquorum
891 2159 1097 2222 relicta
1121 2161 1333 2241 nobis,
1379 2161 1440 2223 id
1465 2168 1836 2246 permittunt.

187 2297 240 2358 3.
283 2276 613 2338 Neminem
651 2273 825 2352 latet,
902 2273 1064 2335 nulla
1102 2289 1335 2356 patrum
1370 2276 1962 2343 antediluvianorum

59 2375 458 2424 monumenta
494 2358 591 2422 vel
626 2357 837 2443 scripta
863 2364 1125 2442 genuina
1150 2359 1335 2422 hodie
1359 2358 1617 2440 exstare,
1683 2382 1825 2424 curn
1851 2383 1961 2426 ne-

60 2468 177 2529 que
204 2453 266 2507 in
293 2446 533 2526 reliquis
557 2443 847 2522 scientiis,
915 2459 1044 2506 tum
1068 2443 1262 2506 multo
1289 2452 1490 2507 minus
1517 2451 1578 2507 in
1591 2443 1834 2508 historia
1857 2468 1961 2510 na·

57 2531 229 2594 turali
255 2531 314 2594 &
339 2529 734 2613 ichtyologia.
785 2526 974 2609 Qod
999 2548 1197 2609 neque
1218 2528 1345 2591 ullo
1369 2529 1561 2592 modo
1583 2527 1712 2591 fieri
1735 2537 1954 2614 potuit,

58 2611 102 2676 fi
150 2614 423 2677 affertum
470 2613 610 2675 illud
656 2612 1012 2697 scriptorum
1061 2613 1442 2693 quorundam
1480 2611 1959 2697 gravissimorum

58 2720 272 2762 verum
294 2695 389 2761 sit:
445 2697 607 2779 quod
634 2697 817 2760 literae
841 2697 1086 2759 ‘demum
1109 2695 1242 2782 post
1264 2698 1554 2763 diluvium
1571 2747 1591 2780 ,
1637 2699 1707 2761 ab
1731 2699 1958 2786 AEgyp-

57 2788 154 2846 tiis
189 2788 447 2868 primum
480 2789 745 2844 inventae
778 2777 912 2848 fint.

182 2917 241 2976 4.
293 2895 568 2979 Tempus
605 2917 636 2956 a
660 2894 891 2958 diluvio
926 2894 996 2957 ad
1026 2908 1229 2958 natum
1269 2890 1608 2975 Christum,
1676 2895 1839 2975 quod
1867 2900 1954 2960 vi-

57 2987 206 3063 ginti
245 2988 348 3043 tria
388 2979 580 3041 secula
613 2985 857 3042 circiter
894 2987 1169 3043 continet
1195 3027 1212 3057 ‚
1286 2974 1668 3059 paucissimos
1694 2979 1954 3045 historiae

53 3066 338 3128 naturalis
363 3064 829 3147 &ichtyologiae
851 3063 1171 3147 scriptores
1196 3064 1405 3141 habet,
1453 3082 1607 3144 quos
1641 3080 1842 3127 tamen
1864 3066 1950 3128 se·-

54 3151 322 3212 cundum
346 3149 556 3210 seriem
593 3146 930 3210 seculorum
956 3168 1312 3210 enumerare
1337 3167 1470 3210 non
1495 3152 1821 3230 poenitebit.

183 3287 235 3348 5.
278 3266 579 3350 Assyrios,
625 3267 1034 3350 BabyloniOS,
1081 3266 1332 3344 Medos,
1380 3263 1721 3346 Chaldaeos,
1766 3265 1945 3348 AEgy-

52 3357 212 3437 ptios
278 3352 338 3414 ὅτ
383 3353 730 3431 Phoenices,
802 3356 1006 3435 primis
1061 3349 1195 3435 post
1239 3351 1528 3415 diluvium
1569 3351 1776 3416 seculis
1833 3350 1936 3410 ali-

111 3456 280 3512 Artedi
310 3455 596 3507 Bibliotheca.
1140 3434 1202 3499 A
1795 3431 1936 3515 qUid
